<record><leader>00000cas a2200000 i 4500</leader><controlfield tag="001">15646768</controlfield><controlfield tag="008">870507d18761879inuwr ne      0    0eng c</controlfield><datafield ind1=" " ind2=" " tag="010"><subfield code="a">sn 87055939 </subfield></datafield><datafield ind1=" " ind2=" " tag="040"><subfield code="a">NPI</subfield><subfield code="b">eng</subfield><subfield code="e">rda</subfield><subfield code="c">NPI</subfield><subfield code="d">OCLCQ</subfield><subfield code="d">IUL</subfield><subfield code="d">OCLCF</subfield></datafield><datafield ind1=" " ind2=" " tag="042"><subfield code="a">pcc</subfield></datafield><datafield ind1=" " ind2=" " tag="043"><subfield code="a">n-us-in</subfield></datafield><datafield ind1="0" ind2="4" tag="245"><subfield code="a">The Wakarusa sun.</subfield></datafield><datafield ind1="1" ind2=" " tag="246"><subfield code="i">Some issues called:</subfield><subfield code="a">Wakarusa weekly sun</subfield></datafield><datafield ind1=" " ind2=" " tag="260"><subfield code="a">Wakarusa, Ind. :</subfield><subfield code="b">J.H. Brubaker,</subfield><subfield code="c">1876-1879.</subfield></datafield><datafield ind1=" " ind2=" " tag="300"><subfield code="a">2 volumes</subfield></datafield><datafield ind1=" " ind2=" " tag="310"><subfield code="a">Weekly</subfield></datafield><datafield ind1=" " ind2=" " tag="336"><subfield code="a">text</subfield><subfield code="b">txt</subfield><subfield code="2">rdacontent</subfield></datafield><datafield ind1=" " ind2=" " tag="337"><subfield code="a">unmediated</subfield><subfield code="b">n</subfield><subfield code="2">rdamedia</subfield></datafield><datafield ind1=" " ind2=" " tag="338"><subfield code="a">volume</subfield><subfield code="b">nc</subfield><subfield code="2">rdacarrier</subfield></datafield><datafield ind1="0" ind2=" " tag="362"><subfield code="a">Volume III, number 13 (September 14, 1876)-vol. V, no. 34 (March 6, 1879).</subfield></datafield><datafield ind1=" " ind2=" " tag="500"><subfield code="a">Title from masthead.</subfield></datafield><datafield ind1=" " ind2="0" tag="651"><subfield code="a">Wakarusa (Ind.)</subfield><subfield code="v">Newspapers.</subfield></datafield><datafield ind1=" " ind2="0" tag="651"><subfield code="a">Elkhart County (Ind.)</subfield><subfield code="v">Newspapers.</subfield></datafield><datafield ind1=" " ind2="7" tag="651"><subfield code="a">Indiana</subfield><subfield code="z">Elkhart County.</subfield><subfield code="2">fast</subfield><subfield code="0">(OCoLC)fst01205779</subfield></datafield><datafield ind1=" " ind2="7" tag="651"><subfield code="a">Indiana</subfield><subfield code="z">Wakarusa.</subfield><subfield code="2">fast</subfield><subfield code="0">(OCoLC)fst01272303</subfield></datafield><datafield ind1=" " ind2="7" tag="655"><subfield code="a">Newspapers.</subfield><subfield code="2">fast</subfield><subfield code="0">(OCoLC)fst01423814</subfield></datafield><datafield ind1=" " ind2=" " tag="752"><subfield code="a">United States</subfield><subfield code="b">Indiana</subfield><subfield code="c">Elkhart</subfield><subfield code="d">Wakarusa.</subfield></datafield><datafield ind1="0" ind2="0" tag="780"><subfield code="t">Wakarusa weekly sun</subfield><subfield code="w">(DLC)sn 84038244</subfield><subfield code="w">(OCoLC)11265647</subfield></datafield><datafield ind1="0" ind2="0" tag="785"><subfield code="t">Nappanee weekly news</subfield><subfield code="w">(DLC)sn 87056389</subfield><subfield code="w">(OCoLC)16816761</subfield></datafield><datafield ind1="4" ind2="1" tag="856"><subfield code="u">https://access.newspaperarchive.com/us/indiana/wakarusa/wakarusa-sun</subfield></datafield><datafield ind1="4" ind2="1" tag="856"><subfield code="u">https://access.newspaperarchive.com/us/indiana/wakarusa/wakarusa-weekly-sun</subfield></datafield></record>